@Misc{example,
  author = {Jean Martina and Rok Strni{\v s}a and Matej Urbas},
  title  = {{Cambridge Ph.D.~\LaTeX{} class file}},
  year   = 2008,
  month  = jul,
}

@article{Gaulton2012,
author = {Gaulton, Anna and Bellis, Louisa J and Bento, A Patricia and Chambers, Jon and Davies, Mark and Hersey, Anne and Light, Yvonne and McGlinchey, Shaun and Michalovich, David and Al-Lazikani, Bissan and Overington, John P},
doi = {10.1093/nar/gkr777},
file = {:home/samuel/.local/share/data/Mendeley Ltd./Mendeley Desktop/Downloaded/Gaulton et al. - 2012 - ChEMBL a large-scale bioactivity database for drug discovery.pdf:pdf},
issn = {13624962},
journal = {Nucleic Acids Research},
number = {Database issue},
pages = {D1100--7},
pmid = {21948594},
publisher = {Oxford University Press},
title = {{ChEMBL: a large-scale bioactivity database for drug discovery}},
url = {http://www.pubmedcentral.nih.gov/articlerender.fcgi?artid=3245175\&tool=pmcentrez\&rendertype=abstract},
volume = {40},
year = {2012}
}

